<?xml version="1.0" encoding="UTF-8"?>
<record xmlns="http://www.loc.gov/MARC21/slim" xmlns:xsi="http://www.w3.org/2001/XMLSchema-instance" xsi:schemaLocation="http://www.loc.gov/MARC21/slim http://www.loc.gov/standards/marcxml/schema/MARC21slim.xsd">
<leader>     nam a22002171a 4500</leader>
<controlfield tag="001">001683320</controlfield>
<controlfield tag="003">NNU</controlfield>
<controlfield tag="005">20061010173200.0</controlfield>
<controlfield tag="008">990915s1924    ua            000 0 arard</controlfield>
<datafield tag="035" ind1="9" ind2=" ">
<subfield code="a">NYUb12226740</subfield>
</datafield>
<datafield tag="035" ind1=" " ind2=" ">
<subfield code="a">(NNU)NYUb12226740</subfield>
</datafield>
<datafield tag="040" ind1=" " ind2=" ">
<subfield code="a">OSU</subfield>
<subfield code="c">OSU</subfield>
<subfield code="d">CGU</subfield>
<subfield code="d">CStRLIN</subfield>
<subfield code="d">CtY</subfield>
</datafield>
<datafield tag="066" ind1=" " ind2=" ">
<subfield code="c">(3</subfield>
</datafield>
<datafield tag="090" ind1=" " ind2=" ">
<subfield code="a">AC106</subfield>
<subfield code="b">.Z5 1924</subfield>
</datafield>
<datafield tag="100" ind1="1" ind2=" ">
<subfield code="6">880-01</subfield>
<subfield code="a">Ziyādah, Mayy.</subfield>
</datafield>
<datafield tag="245" ind1="1" ind2="0">
<subfield code="6">880-02</subfield>
<subfield code="a">Bayna al-jazr wa-al-madd :</subfield>
<subfield code="b">ṣafaḥāt fī al-lughah wa-al-ādāb wa-al-fann wa-al-ḥaḍārah /</subfield>
<subfield code="c">bi-qalam Mayy.</subfield>
</datafield>
<datafield tag="260" ind1=" " ind2=" ">
<subfield code="6">880-03</subfield>
<subfield code="a">Miṣr :</subfield>
<subfield code="b">Majallat al-Hilāl,</subfield>
<subfield code="c">1924.</subfield>
</datafield>
<datafield tag="300" ind1=" " ind2=" ">
<subfield code="a">5, 179 p. ;</subfield>
<subfield code="c">20 cm.</subfield>
</datafield>
<datafield tag="880" ind1="1" ind2=" ">
<subfield code="6">100-01/</subfield>
<subfield code="a">زيادة، مي.</subfield>
</datafield>
<datafield tag="880" ind1="1" ind2="0">
<subfield code="6">245-02/</subfield>
<subfield code="a">بين الجزر والمد :</subfield>
<subfield code="b">صفحات في اللغة والٱداب والفن والحضارة /</subfield>
<subfield code="c">بقلم مي.</subfield>
</datafield>
<datafield tag="880" ind1=" " ind2=" ">
<subfield code="6">260-03/</subfield>
<subfield code="a">مصر :</subfield>
<subfield code="b">مجلة الهلال،</subfield>
<subfield code="c">١٩٢٤.</subfield>
</datafield>
<datafield tag="OWN" ind1=" " ind2=" ">
<subfield code="a">GENERAL</subfield>
</datafield>
<datafield tag="998" ind1=" " ind2=" ">
<subfield code="a">20010429</subfield>
<subfield code="d">20010429</subfield>
<subfield code="d">20010429</subfield>
<subfield code="n">NNU</subfield>
<subfield code="s">6</subfield>
<subfield code="t">c</subfield>
<subfield code="z">p</subfield>
</datafield>
<datafield tag="AVA" ind1=" " ind2=" ">
<subfield code="a">NYU50</subfield>
<subfield code="b">BOBST</subfield>
<subfield code="c">Main Collection</subfield>
<subfield code="d">AC106 .Z5 1924</subfield>
<subfield code="e">unavailable</subfield>
<subfield code="t">Unavailable</subfield>
<subfield code="f">1</subfield>
<subfield code="g">1</subfield>
<subfield code="h">N</subfield>
<subfield code="i">0</subfield>
<subfield code="j">MAIN</subfield>
<subfield code="k">0</subfield>
</datafield>
</record>
